<record xmlns="http://www.loc.gov/MARC21/slim" xmlns:xsi="http://www.w3.org/2001/XMLSchema-instance" xsi:schemaLocation="http://www.loc.gov/MARC21/slim http://www.loc.gov/standards/marcxml/schema/MARC21slim.xsd"><leader>02048nam a2200325   4500</leader><controlfield tag="001">3368431</controlfield><controlfield tag="003">NNC</controlfield><controlfield tag="006">m        d        </controlfield><controlfield tag="007">cr cn |||m|||a</controlfield><controlfield tag="008">150110s1903    ua      o     000 0 ara d</controlfield><datafield ind1=" " ind2=" " tag="040"><subfield code="a">NNU</subfield><subfield code="b">eng</subfield><subfield code="c">NNU</subfield></datafield><datafield ind1="1" ind2=" " tag="100"><subfield code="6">880-01</subfield><subfield code="a">Jurja&#772;ni&#772;, &#699;Abd al-Qa&#772;hir ibn &#699;Abd al-Rah&#803;ma&#772;n,</subfield><subfield code="d">-1078?</subfield></datafield><datafield ind1="1" ind2="0" tag="245"><subfield code="6">880-02</subfield><subfield code="a">Kita&#772;b dala&#772;&#700;il al-i&#699;ja&#772;z fi&#772; &#699;ilm al-ma&#699;a&#772;ni&#772;</subfield><subfield code="h">[electronic resource] /</subfield><subfield code="c">ta&#700;li&#772;f &#699;Abd al-Qa&#772;hir al-Jurja&#772;ni&#772; ; sah&#803;h&#803;ah&#803;a as&#803;lahu Muh&#803;ammad &#699;Abduh ... wa al-u&#772;sta&#772;dh al-lughwai&#772; al-muh&#803;addith al-shaykh Muh&#803;ammad Mah&#803;mud al-Shinqiti&#772;.</subfield></datafield><datafield ind1=" " ind2=" " tag="260"><subfield code="6">880-03</subfield><subfield code="a">Mis&#803;r,</subfield><subfield code="b">Mat&#803;ba&#699;at al-Saadah,</subfield><subfield code="c">[1321 h., 1903?]</subfield></datafield><datafield ind1=" " ind2=" " tag="300"><subfield code="a">online resource (6, 358 p.)</subfield></datafield><datafield ind1=" " ind2=" " tag="500"><subfield code="a">Part of the Arabic Collections Online (ACO) project, contributed by Columbia University Libraries.</subfield></datafield><datafield ind1=" " ind2=" " tag="533"><subfield code="a">Electronic reproduction.</subfield><subfield code="b">New York, N.Y. :</subfield><subfield code="c">New York University,</subfield><subfield code="d">2015.</subfield><subfield code="5">NNU</subfield></datafield><datafield ind1="0" ind2=" " tag="700"><subfield code="6">880-04</subfield><subfield code="a">Muh&#803;ammad &#699;Abduh,</subfield><subfield code="d">1849-1905.</subfield></datafield><datafield ind1="2" ind2=" " tag="710"><subfield code="a">Columbia University.</subfield><subfield code="b">Libraries.</subfield></datafield><datafield ind1="0" ind2=" " tag="730"><subfield code="a">Arabic Collections Online.</subfield></datafield><datafield ind1="0" ind2=" " tag="740"><subfield code="6">880-05</subfield><subfield code="a">Dala&#772;&#700;il al-i&#699;ja&#772;z fi&#772; &#699;ilm al-ma&#699;a&#772;ni&#772;.</subfield></datafield><datafield ind1="0" ind2="8" tag="776"><subfield code="i">Print version:</subfield><subfield code="a">Jurja&#772;ni&#772;, &#699;Abd al-Qa&#772;hir ibn &#699;Abd al-Rah&#803;ma&#772;n, -1078?</subfield><subfield code="t">Kita&#772;b dala&#772;&#700;il al-i&#699;ja&#772;z fi&#772; &#699;ilm al-ma&#699;a&#772;ni&#772;</subfield><subfield code="w">(NNC)3368431</subfield><subfield code="w">(OCoLC)56712123</subfield></datafield><datafield ind1="4" ind2="0" tag="856"><subfield code="u">http://hdl.handle.net/2333.1/bvq83dd7</subfield></datafield><datafield ind1="1" ind2=" " tag="880"><subfield code="6">100-01/r</subfield><subfield code="a">&#1580;&#1585;&#1580;&#1575;&#1606;&#1610;&#1548; &#1593;&#1576;&#1583; &#1575;&#1604;&#1602;&#1575;&#1607;&#1585; &#1576;&#1606; &#1593;&#1576;&#1583; &#1575;&#1604;&#1585;&#1581;&#1605;&#1606;&#1548;</subfield><subfield code="d">1078&#1567;</subfield></datafield><datafield ind1="1" ind2="0" tag="880"><subfield code="6">245-02/r</subfield><subfield code="a">&#1603;&#1578;&#1575;&#1576; &#1583;&#1604;&#1575;&#1574;&#1604; &#1575;&#1604;&#1575;&#1593;&#1580;&#1575;&#1586; &#1601;&#1610; &#1593;&#1604;&#1605; &#1575;&#1604;&#1605;&#1593;&#1575;&#1606;&#1610;&#1548;</subfield><subfield code="c">&#1578;&#1571;&#1604;&#1610;&#1601; &#1593;&#1576;&#1583; &#1575;&#1604;&#1602;&#1575;&#1607;&#1585; &#1575;&#1604;&#1580;&#1585;&#1580;&#1575;&#1606;&#1610; &#1563; &#1587;&#1581;&#1581; &#1575;&#1589;&#1604;&#1607; &#1605;&#1581;&#1605;&#1583; &#1593;&#1576;&#1583;&#1607; ... &#1608; &#1575;&#1604;&#1571;&#1587;&#1578;&#1575;&#1584; &#1575;&#1604;&#1604;&#1594;&#1608;&#1610; &#1575;&#1604;&#1605;&#1581;&#1583;&#1579; &#1575;&#1604;&#1588;&#1610;&#1582; &#1605;&#1581;&#1605;&#1583; &#1605;&#1581;&#1605;&#1583; &#1575;&#1604;&#1588;&#1606;&#1602;&#1578;&#1610;.</subfield></datafield><datafield ind1=" " ind2=" " tag="880"><subfield code="6">260-03/r</subfield><subfield code="a">&#1605;&#1589;&#1585;&#1548;</subfield><subfield code="b">&#1605;&#1591;&#1576;&#1593;&#1577; &#1575;&#1604;&#1587;&#1575;&#1583;&#1577;&#1548;</subfield><subfield code="c">[1321 h., 1903?]</subfield></datafield><datafield ind1="0" ind2=" " tag="880"><subfield code="6">700-04/r</subfield><subfield code="a">&#1605;&#1581;&#1605;&#1583; &#1593;&#1576;&#1583;&#1607;&#1548;</subfield><subfield code="d">1849-1905.</subfield></datafield><datafield ind1="0" ind2=" " tag="880"><subfield code="6">740-05/r</subfield><subfield code="a">&#1583;&#1604;&#1575;&#1574;&#1604; &#1575;&#1604;&#1575;&#1593;&#1580;&#1575;&#1586; &#1601;&#1610; &#1593;&#1604;&#1605; &#1575;&#1604;&#1605;&#1593;&#1575;&#1606;&#1610;.</subfield></datafield><datafield ind1=" " ind2=" " tag="959"><subfield code="a">NNU</subfield><subfield code="b">WEB</subfield><subfield code="c">GENI</subfield><subfield code="t">0</subfield><subfield code="m">Electronic access</subfield><subfield code="s">01</subfield></datafield><datafield ind1=" " ind2=" " tag="999"><subfield code="i">NNC_3368431</subfield><subfield code="o">(OCoLC)56712123</subfield></datafield></record>